@article{cox,
	doi = {10.1016/0304-405x(79)90015-1},
	url = {https://citeseerx.ist.psu.edu/viewdoc/download?doi=10.1.1.379.7582&rep=rep1&type=pdf},
	year = 1979,
	month = {sep},
	publisher = {Elsevier {BV}},
	volume = {7},
	number = {3},
	pages = {229--263},
	author = {John C. Cox and Stephen A. Ross and Mark Rubinstein},
	title = {Option pricing: A simplified approach},
	journal = {Journal of Financial Economics}
}
@incollection{Kou_2007,
	doi = {10.1016/s0927-0507(07)15002-7},
	url = {https://doi.org/10.1016%2Fs0927-0507%2807%2915002-7},
	year = 2007,
	publisher = {Elsevier},
	pages = {73--116},
	author = {S.G. Kou},
	title = {Chapter 2 Jump-Diffusion Models for Asset Pricing in Financial Engineering},
	booktitle = {Financial Engineering}
}
@article{mert,
author = {Merton, Robert},
year = {1976},
month = {01},
pages = {125-144},
title = {Option Prices When Underlying Stock Returns Are Discontinuous},
volume = {3},
journal = {Journal of Financial Economics},
doi = {10.1016/0304-405X(76)90022-2}
}
@article{Heston_1993,
	doi = {10.1093/rfs/6.2.327},
	url = {https://citeseerx.ist.psu.edu/viewdoc/download?doi=10.1.1.379.7582&rep=rep1&type=pdf},
	year = 1993,
	month = {apr},
	publisher = {Oxford University Press ({OUP})},
	volume = {6},
	number = {2},
	pages = {327--343},
	author = {Steven L. Heston},
	title = {A Closed-Form Solution for Options with Stochastic Volatility with Applications to Bond and Currency Options},
	journal = {Review of Financial Studies}
}
@book{hull,
    title = {Options, Futures, and Other Derivatives (9th Edition)},
    author = {John C Hull},
    isbn = {978-0133456318},
    year = {2014},
    publisher = {Pearson},
}
